@online{sztuka,
    title = {sztuka - Encyklopedia PWN},
    author = {Stefan Morawski},
    url = "https://encyklopedia.pwn.pl/haslo/sztuka;3983499.html",
    addendum = "(ostatni dostęp: 01.08.2022)"
}

@online{computer-art,
    title = {Computer art - Wikipedia},
    author = {Wikipedia},
    url = "https://en.wikipedia.org/wiki/Computer_art",
    addendum = "(ostatni dostęp: 01.08.2022)"
}

@book{selected-works,
  title={Selected Works},
  author={Mitchell, K.},
  isbn={9780557083985},
  url={https://books.google.pl/books?id=-QUyAgAAQBAJ&pg=PA7},
  year={2009},
  publisher={Lulu.com}
}

@online{sztuka-algorytmiczna,
    title = {Mały słownik sztuki technologicznej},
    author = {Culture.pl},
    year = {2016},
    month = {03},
    url  = "https://culture.pl/pl/artykul/maly-slownik-sztuki-technologicznej",
    addendum = "(ostatni dostęp: 01.08.2022)"
}

@online{new-way-to-knit,
    title = {A new way to knit},
    author = {Petros Vrellis},
    url = "http://artof01.com/vrellis/works/knit.html",
    addendum = "(ostatni dostęp: 01.08.2022)"
}


@online{callum-github,
    title = {Computational Thread Art},
    author = {Callum McDougall},
    url = "https://github.com/callummcdougall/computational-thread-art",
    addendum = "(ostatni dostęp: 01.08.2022)"
}


@online{jenny-github,
    title = {Thread Portrait Algorithm},
    author = {Jenny Ma},
    url = "https://github.com/jennynotjen/threadPortraitAlgorithm; ",
    addendum = "(ostatni dostęp: 01.08.2022)"
}

@online{jenny-youtube,
    title = {I Wrote an Algorithm to Draw Portraits from Thread},
    author = {Jenny Ma},
    url = "https://www.youtube.com/watch?v=UsbBSttaJos",
    addendum = "(ostatni dostęp: 01.08.2022)"
}

@online{artrapid,
    title = {ArtRapid},
    author = {ArtRapid},
    url = "https://artrapid.com",
    addendum = "(ostatni dostęp: 01.08.2022)"
}

@article{article-string-art-xiaonan,
    title={Automatic thread painting generation},
    author={Xiaonan Fang and Bin Liu and Ariel Shamir},
    journal={Commun. Inf. Syst.},
    year={2016},
    volume={16},
    pages={255-274}
}

@article{article-string-art-birsak,
    author = {Birsak, Michael and Rist, Florian and Wonka, Peter and Musialski, Przemyslaw},
    year = {2018},
    month = {04},
    pages = {},
    title = {String Art: Towards Computational Fabrication of String Images},
    volume = {37},
    journal = {Computer Graphics Forum},
    doi = {10.1111/cgf.13359}
}

@manual{python39,
  title={{Python: A dynamic, open source programming language}},
  author={{Python Core Team}},
  organization={{Python Software Foundation}},
  year={2019},
  url={https://www.python.org/},
  note={Python version 3.9}
}

@article{numpy,
    title = {Array programming with {NumPy}},
    author = {Charles R. Harris and K. Jarrod Millman and St{\'{e}}fan J.
    van der Walt and Ralf Gommers and Pauli Virtanen and David
    Cournapeau and Eric Wieser and Julian Taylor and Sebastian
    Berg and Nathaniel J. Smith and Robert Kern and Matti Picus
    and Stephan Hoyer and Marten H. van Kerkwijk and Matthew
    Brett and Allan Haldane and Jaime Fern{\'{a}}ndez del
    R{\'{i}}o and Mark Wiebe and Pearu Peterson and Pierre
    G{\'{e}}rard-Marchant and Kevin Sheppard and Tyler Reddy and
    Warren Weckesser and Hameer Abbasi and Christoph Gohlke and
    Travis E. Oliphant},
    year = {2020},
    month= sep,
    journal = {Nature},
    volume = {585},
    number = {7825},
    pages= {357--362},
    doi= {10.1038/s41586-020-2649-2},
    publisher = {Springer Science and Business Media {LLC}},
    url= {https://doi.org/10.1038/s41586-020-2649-2}
}
 
@article{opencv,
    author = {Bradski, G.},
    citeulike-article-id = {2236121},
    journal = {Dr. Dobb's Journal of Software Tools},
    keywords = {bibtex-import},
    posted-at = {2008-01-15 19:21:54},
    priority = {4},
    title = {{The OpenCV Library}},
    year = {2000}
}

@manual{rembg,
  title={Rembg - tool to remove images background.},
  author={Daniel Gatis},
  year={2022},
  url={https://github.com/danielgatis/rembg}
}

@manual{pycairo,
  title={Pycairo - Python bindings for building cairo.},
  author={PyGObject},
  year={2017},
  url={https://pycairo.readthedocs.io/en/latest/}
}

@online{aspect-ratio-youtube,
    title = {The Top 9 Canvas Sizes and Why You Should Use Them},
    author = {Chris Breier},
    url = "https://www.youtube.com/watch?v=85Y9OcDpp7g",
    addendum = "(ostatni dostęp: 19.08.2022)"
}

@article{ssim,
    author = {Wang, Zhou and Bovik, Alan and Sheikh, Hamid and Simoncelli, Eero},
    year = {2004},
    month = {05},
    pages = {600 - 612},
    title = {Image Quality Assessment: From Error Visibility to Structural Similarity},
    volume = {13},
    journal = {Image Processing, IEEE Transactions on},
    doi = {10.1109/TIP.2003.819861}
}